@misc{Maquina,
	title = {La Máquina Universal},
	author = {E Cortés},
	year = {2011},
	howpublished = "Recuperado de: {http://www.programando.org/aprende-a-programar/segunda-parte
	/arquitectura-de-computadores/la-maquina-universal.html}",
	urldate = {22-10-2019}
}

@misc{Mathworks1,
	title = {stdfilt},
	author = {Mathworks},
	howpublished = "Recuperado de: {https://es.mathworks.com/help/images/ref/stdfilt.html}",
	urldate = {22-10-2019}
}

@misc{Mathworks2,
	title = {Edge Detection},
	author = {Mathworks},
	howpublished = "Recuperado de: {https://www.mathworks.com/discovery/edge-detection.html}",
	urldate = {22-10-2019}
}

@misc{Murias,
	title = {16 fotos manipuladas que pasaron a la historia},
	author = {D Murias},
	year = {2017},
	howpublished = "Recuperado de: {https://magnet.xataka.com/un-mundo-fascinante
	/16-fotos-manipuladas-que-pasaron-a-la-historia}",
	urldate = {22-10-2019}
}

@misc{UMuricia,
	title = {Técnicas de filtrado},
	author = {universidad de Murcia},
	publisher = {Universidad de Murcia},
	howpublished = "Recuperado de: {https://www.um.es/geograf/sigmur/teledet/tema06.pdf}",
	urldate = {22-10-2019}
}

@misc{OpenCV,
	title = {Canny Edge Detector},
	author = {OpenCV},
	year = {2019},
	howpublished = "Recuperado de: {https://docs.opencv.org/2.4/doc/tutorials/imgproc/
	imgtrans/canny\_detector/canny\_detector.html}",
	urldate = {22-10-2019}
}

@misc{Morfologia,
	title = {Procesamiento morfológico },
	author = {Carlos Platero},
	publisher = {Universidad Politecnica de MAdrid},
	howpublished = "Recuperado de: {http://www.elai.upm.es/webantigua/spain/Asignaturas
	/Robotica/ApuntesVA/cap6VAProcMorf.pdf}",
	urldate = {22-10-2019}
}