@misc{SergioGCron,
	author = {Sergio González},
	title = {Manual básico de {C}ron},
	year = {2019},
	howpublished = "Recuperado de: {https://www.linuxtotal.com.mx/?cont=info\_admon\_006}",
	urldate = {20-04-2019}
}

@misc{usemoslinuxClaves,
	author = {usemoslinux},
	title = {Configura conexiones SSH sin password en solo 3 pasos},
	year = {2011},
	howpublished = "Recuperado de: {https://blog.desdelinux.net/ssh-sin-password-solo-3-pasos/}",
	urldate = {20-04-2019}
}

@misc{rsyncCopiar,
	author = {Bulat Khamitov},
	title = {Cómo copiar archivos con Rsync sobre SSH},
	year = {2013},
	howpublished = "Recuperado de: {https://www.digitalocean.com/community/tutorials/how-to-copy-files-with-rsync-over-ssh}",
	urldate = {20-04-2019}
}
